<record><leader>00000cas a2200000 a 4500</leader><controlfield tag="001">13756419</controlfield><controlfield tag="008">860620d18891891okuwr ne      0    0eng d</controlfield><datafield ind1=" " ind2=" " tag="010"><subfield code="a">sn 86064091 </subfield></datafield><datafield ind1=" " ind2=" " tag="040"><subfield code="a">KSH</subfield><subfield code="b">eng</subfield><subfield code="c">KSH</subfield><subfield code="d">NPT</subfield><subfield code="d">OBN</subfield><subfield code="d">OCL</subfield><subfield code="d">OCLCQ</subfield><subfield code="d">OCLCF</subfield><subfield code="d">OCLCO</subfield></datafield><datafield ind1="1" ind2=" " tag="029"><subfield code="a">AU@</subfield><subfield code="b">000022169592</subfield></datafield><datafield ind1=" " ind2=" " tag="042"><subfield code="a">msc</subfield></datafield><datafield ind1=" " ind2=" " tag="043"><subfield code="a">n-us-ok</subfield></datafield><datafield ind1="0" ind2=" " tag="130"><subfield code="a">New world (Kingfisher, Okla.)</subfield></datafield><datafield ind1="1" ind2="4" tag="245"><subfield code="a">The new world.</subfield></datafield><datafield ind1="3" ind2=" " tag="246"><subfield code="a">Kingfisher and Lisbon new world</subfield></datafield><datafield ind1=" " ind2=" " tag="260"><subfield code="a">Kingfisher, Indian Terr. [Okla.] :</subfield><subfield code="b">Ellis, Ross &amp; Ellis</subfield></datafield><datafield ind1=" " ind2=" " tag="300"><subfield code="a">v.</subfield></datafield><datafield ind1=" " ind2=" " tag="310"><subfield code="a">Weekly</subfield></datafield><datafield ind1="0" ind2=" " tag="362"><subfield code="a">Vol. 1, no. 10 (May 18, 1889)-v. 3, no. 16 (May 30, 1891).</subfield></datafield><datafield ind1=" " ind2=" " tag="500"><subfield code="a">"Kingfisher and Lisbon" appears above masthead, May 18, 1889.</subfield></datafield><datafield ind1=" " ind2="0" tag="651"><subfield code="a">Kingfisher (Okla.)</subfield><subfield code="v">Newspapers.</subfield></datafield><datafield ind1=" " ind2="0" tag="651"><subfield code="a">Kingfisher County (Okla.)</subfield><subfield code="v">Newspapers.</subfield></datafield><datafield ind1=" " ind2="7" tag="655"><subfield code="a">Newspapers.</subfield><subfield code="2">fast</subfield><subfield code="0">(OCoLC)fst01423814</subfield></datafield><datafield ind1=" " ind2="7" tag="651"><subfield code="a">Oklahoma</subfield><subfield code="z">Kingfisher.</subfield><subfield code="2">fast</subfield><subfield code="0">(OCoLC)fst01221397</subfield></datafield><datafield ind1=" " ind2="7" tag="651"><subfield code="a">Oklahoma</subfield><subfield code="z">Kingfisher County.</subfield><subfield code="2">fast</subfield><subfield code="0">(OCoLC)fst01219314</subfield></datafield><datafield ind1=" " ind2=" " tag="752"><subfield code="a">United States</subfield><subfield code="b">Oklahoma</subfield><subfield code="c">Kingfisher</subfield><subfield code="d">Kingfisher.</subfield></datafield><datafield ind1="0" ind2=" " tag="775"><subfield code="t">Kingfisher daily world</subfield><subfield code="w">(DLC)sn 96087696</subfield><subfield code="w">(OCoLC)34587817</subfield></datafield><datafield ind1="0" ind2="0" tag="780"><subfield code="t">Oklahoma world (Wichita, Kans.)</subfield><subfield code="w">(DLC)sn 96093850</subfield><subfield code="w">(OCoLC)35211455</subfield></datafield><datafield ind1="0" ind2="7" tag="785"><subfield code="t">Kingfisher journal</subfield></datafield><datafield ind1="0" ind2="7" tag="785"><subfield code="t">Kingfisher free press</subfield><subfield code="w">(DLC)sn 86064092</subfield><subfield code="w">(OCoLC)13756451</subfield></datafield></record>